<record><leader>00000cas a22000007a 4500</leader><controlfield tag="001">27986768</controlfield><controlfield tag="008">930426d18741876cauwr ne      0    0eng d</controlfield><datafield ind1=" " ind2=" " tag="010"><subfield code="a">sn 93051486 </subfield></datafield><datafield ind1=" " ind2=" " tag="040"><subfield code="a">CUY</subfield><subfield code="b">eng</subfield><subfield code="c">CNK</subfield><subfield code="d">OCLCQ</subfield></datafield><datafield ind1=" " ind2=" " tag="042"><subfield code="a">msc</subfield></datafield><datafield ind1="0" ind2="0" tag="245"><subfield code="a">San Mateo times.</subfield></datafield><datafield ind1=" " ind2=" " tag="260"><subfield code="a">San Mateo, Calif. :</subfield><subfield code="b">P.H. McGowan</subfield></datafield><datafield ind1=" " ind2=" " tag="300"><subfield code="a">v.</subfield></datafield><datafield ind1=" " ind2=" " tag="310"><subfield code="a">Weekly</subfield></datafield><datafield ind1="0" ind2=" " tag="362"><subfield code="a">Vol. 1, no. 1 (July 25, 1874)-</subfield></datafield><datafield ind1="1" ind2=" " tag="362"><subfield code="a">Ceased in 1876.</subfield></datafield><datafield ind1=" " ind2="4" tag="651"><subfield code="a">San Mateo (Calif.)</subfield><subfield code="v">Newspapers.</subfield></datafield><datafield ind1=" " ind2=" " tag="752"><subfield code="a">United States</subfield><subfield code="b">California</subfield><subfield code="c">San Mateo</subfield><subfield code="d">San Mateo.</subfield></datafield><datafield ind1="0" ind2="7" tag="785"><subfield code="t">San Mateo gazette</subfield><subfield code="w">(DLC)sn 85025039</subfield></datafield><datafield ind1="0" ind2="7" tag="785"><subfield code="t">Times and gazette (Redwood City, Calif.)</subfield><subfield code="w">(DLC)sn 85025938</subfield></datafield><datafield ind1="1" ind2=" " tag="029"><subfield code="a">AU@</subfield><subfield code="b">000020752177</subfield></datafield></record>